
@article{Jung,
    author    = "Sin-Ho Jung and Yaiyeong Lee and KyungMann Kim and Stephen L. George",
    title     = "Admissible two-stage designs for phase II cancer clinical trials",
    year      = "2004",
    journal	  = "Statistics In Medicine",
	volume    = "23",
	pages     = "561-569"
}



